@book{devaney,
  title={An Introduction to Chaotic Dynamical Systems},
  author={Devaney, Robert L.},
  year={1989},
  publisher={Perseus Books}
}

@book{holmgren,
  title={A First Course in Discrete Dynamical Systems},
  author={Holmgren, Richard A.},
  year={1996},
  publisher={Springer}
}

@article{burns,
  title={The Sharkovsky Theorem: a Natural Direct Proof},
  author={Burns, Keith and  Hasselblatt, Boris},
  journal={The American Mathematical Monthly},
  volume={118},
  number={3},
  pages={229-244},
  year={2011},
  publisher={Taylor & Francis}
}
